%% This BibTeX bibliography file was created using BibDesk.
%% http://bibdesk.sourceforge.net/


%% Created for tzry at 2015-05-02 12:12:55 +0800 


%% Saved with string encoding Unicode (UTF-8) 



@url{boost_ublas,
	Author = {Joerg Walter and Mathias Koch},
	Date-Added = {2015-05-02 04:12:03 +0000},
	Date-Modified = {2015-05-02 04:12:52 +0000},
	Title = {Boost 1.57.0 Library Documentation-uBLAS},
	Urldate = {http://www.boost.org/doc/libs/1\_57\_0/libs/numeric/ublas/doc/index.html}}

@mastersthesis{fengguangxiang2010.,
	Author = {冯广祥},
	Date-Added = {2015-05-02 04:09:15 +0000},
	Date-Modified = {2015-05-02 04:11:55 +0000},
	School = {东北大学},
	Title = {大型稀疏矩阵直接求解算法的研究及实现},
	Year = {2010}}

@article{sparseMatrixTech2006Zhangsun,
	Author = {张永杰、孙秦},
	Date-Modified = {2015-05-02 03:47:22 +0000},
	Howpublished = {\url{http://www.physionet.org/challenge/2012/}},
	Journal = {长春理工大学学报},
	Pages = {38-41},
	Title = {稀疏矩阵存储技术},
	Volume = {03},
	Year = 2006}

@book{YousefSaad2003applied,
	Author = {Yousef Saad},
	Date-Modified = {2015-05-02 03:42:54 +0000},
	Edition = {SECOND},
	Publisher = {Springer},
	Title = {Iterative Methods for Sparse Linear Systems},
	Year = {2003}}
